@article{Bursztyn2017,
  author = {Bursztyn, Leonardo and Jensen, Robert},
  doi = {10.1146/annurev-economics-063016-103625},
  issn = {1941-1383},
  journal = {Annual Review of Economics}, 
  month = {aug},
  number = {1},
  pages = {131--153},
  title = {Social Image and Economic Behavior in the Field: Identifying, Understanding, and Shaping Social Pressure},
  url = {http://www.annualreviews.org/doi/10.1146/annurev-economics-063016-103625},
  volume = {9},
  year = {2017}
}


